@inproceedings{Veach:1997:MLT:258734.258775,
 author = {Veach, Eric and Guibas, Leonidas J.},
 title = {Metropolis Light Transport},
 booktitle = {Proceedings of the 24th Annual Conference on Computer Graphics and Interactive Techniques},
 series = {SIGGRAPH '97},
 year = {1997},
 isbn = {0-89791-896-7},
 pages = {65--76},
 numpages = {12},
 url = {http://dx.doi.org/10.1145/258734.258775},
 doi = {10.1145/258734.258775},
 acmid = {258775},
 publisher = {ACM Press/Addison-Wesley Publishing Co.},
 address = {New York, NY, USA},
 keywords = {Markov Chain Monte Carlo methods, Metropolis-Hastings algorithm, Monte Carlo integration, global illumination, lighting simulation, physically-based rendering, radiative heat transfer, variance reduction},
} 

@techreport{Szirmay-2001-METR,
  title =      "Simple and Robust Mutation Strategy for Metropolis Light
               Transport Algorithm",
  author =     "Csaba Kelemen and L{\'a}szl{\'o} Szirmay-Kalos",
  year =       "2001",
  address =    "Favoritenstrasse 9-11/186, A-1040 Vienna, Austria",
  institution = "Institute of Computer Graphics and Algorithms, Vienna
               University of Technology",
  note =       "human contact: technical-report@cg.tuwien.ac.at",
  month =      jul,
  number =     "TR-186-2-01-18",
  keywords =   "rendering equation, Monte-Carlo integration, importance
               sampling, Metropolis sampling",
  URL =        "http://www.cg.tuwien.ac.at/research/publications/2001/Szirmay-2001-METR/",
}

@inproceedings{Pauly:2000:MLT:647652.732117,
 author = {Pauly, Mark and Kollig, Thomas and Keller, Alexander},
 title = {Metropolis Light Transport for Participating Media},
 booktitle = {Proceedings of the Eurographics Workshop on Rendering Techniques 2000},
 year = {2000},
 isbn = {3-211-83535-0},
 pages = {11--22},
 numpages = {12},
 url = {http://dl.acm.org/citation.cfm?id=647652.732117},
 acmid = {732117},
 publisher = {Springer-Verlag},
 address = {London, UK, UK},
} 

@article{Lehtinen:2013:GML:2461912.2461943,
 author = {Lehtinen, Jaakko and Karras, Tero and Laine, Samuli and Aittala, Miika and Durand, Fr{\'e}do and Aila, Timo},
 title = {Gradient-domain Metropolis Light Transport},
 journal = {ACM Trans. Graph.},
 issue_date = {July 2013},
 volume = {32},
 number = {4},
 month = jul,
 year = {2013},
 issn = {0730-0301},
 pages = {95:1--95:12},
 articleno = {95},
 numpages = {12},
 url = {http://doi.acm.org/10.1145/2461912.2461943},
 doi = {10.1145/2461912.2461943},
 acmid = {2461943},
 publisher = {ACM},
 address = {New York, NY, USA},
 keywords = {global illumination, light transport, metropolis},
} 

@article{Phong:1975:ICG:360825.360839,
 author = {Phong, Bui Tuong},
 title = {Illumination for Computer Generated Pictures},
 journal = {Commun. ACM},
 issue_date = {June 1975},
 volume = {18},
 number = {6},
 month = jun,
 year = {1975},
 issn = {0001-0782},
 pages = {311--317},
 numpages = {7},
 url = {http://doi.acm.org/10.1145/360825.360839},
 doi = {10.1145/360825.360839},
 acmid = {360839},
 publisher = {ACM},
 address = {New York, NY, USA},
 keywords = {computer graphics, graphic display, hidden surface removal, shading},
} 

@misc{OGLAssimp,
  title = {OpenGL GLSL tutorial 6 - Assimp 3D model loader},
  howpublished = {\url{http://www.youtube.com/watch?v=ClqnhYAYtcY}},
}

@misc{ColorPicking,
  author = {Michal Bubn√°r},
  title = {Color Picking Tutorial},
  howpublished = {\url{http://www.mbsoftworks.sk/index.php?page=tutorials&series=1&tutorial=21}},
}